@InProceedings{ORTS,
  author = 	 {Michael Buro},
  title = 	 {ORTS: A Hack-Free RTS Game Environment},
  OPTcrossref =  {},
  OPTkey = 	 {},
  booktitle = {Proceedings of the International Computers and Games Conference 2002},
  OPTpages = 	 {},
  year = 	 {2002},
  OPTeditor = 	 {},
  OPTvolume = 	 {},
  OPTnumber = 	 {},
  OPTseries = 	 {},
  OPTaddress = 	 {},
  OPTmonth = 	 {},
  OPTorganization = {},
  OPTpublisher = {},
  OPTnote = 	 {},
  OPTannote = 	 {}
}

