@InProceedings{ORTS,
  author = 	 {Michael Buro},
  title = 	 {ORTS: A Hack-Free RTS Game Environment},
  OPTcrossref =  {},
  OPTkey = 	 {},
  booktitle = {Proceedings of the International Computers and Games Conference 2002},
  OPTpages = 	 {},
  year = 	 {2002},
  OPTeditor = 	 {},
  OPTvolume = 	 {},
  OPTnumber = 	 {},
  OPTseries = 	 {},
  OPTaddress = 	 {},
  OPTmonth = 	 {},
  OPTorganization = {},
  OPTpublisher = {},
  OPTnote = 	 {},
  OPTannote = 	 {}
}
@InProceedings{ hill99modeling,
  author = "R. Hill",
  title = "Modeling Perceptual Attention in Virtual Humans",
  booktitle = "Proc. 8 th
    Conf. Computer Generated Forces and Behavioral Representation",
  year = "1999",
  url = "citeseer.ist.psu.edu/hill99modeling.html" }

  @Article{Scholl2001,
  author="Scholl, Brian J.",
  title="Objects and attention: the state of the art",
  journal="Cognition",
  year="2001",
  month="Jun",
  volume="80",
  issue="1-2",
  pages="1--46",
  keywords="Objects",
  keywords="Attention",
  keywords="State of the art",
  url="http://www.sciencedirect.com/science/article/B6T24-42H1RYS-1/2/8c055469cbd1"}


  @Article{fit,
  author="Quinlan, Philip T.",
  title="Visual Feature Integration Theory : Past, Present, and Future",
  journal="Psychological Bulletin",
  year="2003",
  month="Sept.",
  volume="129",
  issue="5",
  pages="643-673"}

  
  @Article{zoomlens,
  author="Eriksen CW, St James JD.",
  title="Visual attention within and around the field of focal attention: a zoom lens model.",
  journal="Percept Psychophys.",
  year="1986",
  month="Oct.",
  volume="40",
  issue="4",
  pages="225-40"}
  
  @Article{Kubovy1998,
  author="Kubovy, Michael
  and Holcombe, Alex O.
  and Wagemans, Johan",
  title="On the Lawfulness of Grouping by Proximity,",
  journal="Cognitive Psychology",
  year="1998",
  month="Feb",
  volume="35",
  issue="1",
  pages="71--98",
  url="http://www.sciencedirect.com/science/article/B6WCR-45JK4M6-T/2/2637481a8402"}


@book{anderson,
    AUTHOR = "John R. Anderson",
    TITLE = "Cognitive Psychology and its Implications",
    PUBLISHER = {Worth Publishers},
                ADDRESS = {New York}, 
                year= "2004"}
                
